@article{younis2021hybrid,
  title={A hybrid fusion framework to multi-modal biometric identification},
  author={Younis, Mohammed Chachan and Abuhammad, Huthaifa},
  journal={Multimedia Tools and Applications},
  volume={80},
  number={17},
  pages={25799--25822},
  year={2021},
  publisher={Springer}
}

@misc{farmbot,
  title = {Farmbot Express Webpage},
  howpublished = {\url{https://express.farm.bot/}},
  note = {Accessed: 2024-05-10}
}
@misc{alexa_api,
  title = {Amazon Alexa Developer Webpage},
  howpublished = {\url{https://developer.amazon.com/en-US/alexa/alexa-skills-kit/get-deeper/dev-tools-skill-management-api}},
  note = {Accessed: 2024-05-10}
}
@misc{weather_api,
  title = {Weather Data API},
  howpublished = {\url{https://openweathermap.org/api}},
  note = {Accessed: 2024-05-10}
}

